@ELECTRONIC{stack,
  author = {SpiderRico},
  title = {Consumer/Producer with pthreads having waiting times},
  month = {March},
  year = {2015},
  url = {http://stackoverflow.com/questions/29317969/consumer-producer-with-pthreads-having-waiting-times}
}

@ELECTRONIC{qemu,
	author = {Anthony Liguori},
	title = {QEMU Emulator User Documentation},
	month = {January},
	year = {2010},
	url = {http://wiki.qemu.org/download/qemu-doc.html#Index}
}