@ELECTRONIC{pat,
  author = {Pat Patterson},
  title = {A Simple Block Driver for Linux Kernel 2.6.31},
  month = {May},
  year = {2010},
  url = {http://blog.superpat.com/2010/05/04/a-simple-block-driver-for-linux-kernel-2-6-31/}
}